@inproceedings{Higgins2017,
title={beta-{VAE}: Learning Basic Visual Concepts with a Constrained Variational Framework},
author={Irina Higgins and Loic Matthey and Arka Pal and Christopher Burgess and Xavier Glorot and Matthew Botvinick and Shakir Mohamed and Alexander Lerchner},
booktitle={International Conference on Learning Representations},
year={2017},
url={https://openreview.net/forum?id=Sy2fzU9gl}
}

@article{Yang2020,
author = {Yun Yang and Debdeep Pati and Anirban Bhattacharya},
title = {{$\alpha $-variational inference with statistical guarantees}},
volume = {48},
journal = {The Annals of Statistics},
number = {2},
publisher = {Institute of Mathematical Statistics},
pages = {886 -- 905},
keywords = {Bayes risk, evidence lower bound, latent variable models, RÃ©nyi divergence, variational inference},
year = {2020},
doi = {10.1214/19-AOS1827},
URL = {https://doi.org/10.1214/19-AOS1827}
}

@inproceedings{Wang2019,
 author = {Wang, Yixin and Blei, David},
 booktitle = {Advances in Neural Information Processing Systems},
 editor = {H. Wallach and H. Larochelle and A. Beygelzimer and F. d\textquotesingle Alch\'{e}-Buc and E. Fox and R. Garnett},
 pages = {},
 publisher = {Curran Associates, Inc.},
 title = {Variational Bayes under Model Misspecification},
 url = {https://proceedings.neurips.cc/paper_files/paper/2019/file/f7ae58c7f1a1cc4abe9273a0f971ba2a-Paper.pdf},
 volume = {32},
 year = {2019}
}

@inproceedings{Rezende2015,
author = {Danilo, Rezende and Shakir, Mohamed},
title ={Variational Inference with Normalizing Flows},
booktitle = {Proceedings of the 32nd International Conference on Machine Learning, PMLR},
volume ={37},
pages ={1530--1538},
year = {2015}
}

@ARTICLE{vu2024,
       author = {{Vu}, Bao Anh and {Gunawan}, David and {Zammit-Mangion}, Andrew},
        title = "{Recursive variational Gaussian approximation with the Whittle likelihood for linear non-Gaussian state space models}",
      journal = {arXiv e-prints},
     keywords = {Statistics - Computation},
         year = 2024,
        month = jun,
          eid = {arXiv:2406.15998},
        pages = {arXiv:2406.15998},
          doi = {10.48550/arXiv.2406.15998},
archivePrefix = {arXiv},
       eprint = {2406.15998},
 primaryClass = {stat.CO},
       adsurl = {https://ui.adsabs.harvard.edu/abs/2024arXiv240615998V},
      adsnote = {Provided by the SAO/NASA Astrophysics Data System}
}



@article{wiley1969,
 ISSN = {00129682, 14680262},
 URL = {http://www.jstor.org/stable/1912791},
 author = {C. W. J. Granger},
 journal = {Econometrica},
 number = {3},
 pages = {424--438},
 publisher = {[Wiley, Econometric Society]},
 title = {Investigating Causal Relations by Econometric Models and Cross-spectral Methods},
 urldate = {2024-08-14},
 volume = {37},
 year = {1969}
}


@article{Sakkalis2011,
title = {Review of advanced techniques for the estimation of brain connectivity measured with EEG/MEG},
journal = {Computers in Biology and Medicine},
volume = {41},
number = {12},
pages = {1110-1117},
year = {2011},
note = {Special Issue on Techniques for Measuring Brain Connectivity},
issn = {0010-4825},
doi = {https://doi.org/10.1016/j.compbiomed.2011.06.020},
url = {https://www.sciencedirect.com/science/article/pii/S0010482511001405},
author = {V. Sakkalis}
}


@inproceedings{Bergstra2011,
 author = {Bergstra, James and Bardenet, R\'{e}mi and Bengio, Yoshua and K\'{e}gl, Bal\'{a}zs},
 booktitle = {Advances in Neural Information Processing Systems},
 editor = {J. Shawe-Taylor and R. Zemel and P. Bartlett and F. Pereira and K.Q. Weinberger},
 pages = {},
 publisher = {Curran Associates, Inc.},
 title = {Algorithms for Hyper-Parameter Optimization},
 url = {https://proceedings.neurips.cc/paper_files/paper/2011/file/86e8f7ab32cfd12577bc2619bc635690-Paper.pdf},
 volume = {24},
 year = {2011}
}


@book{Bishop2006,
  title        = {Pattern Recognition and Machine Learning},
  author       = {Christopher M. Bishop},
  year         = 2006,
  publisher    = {Springer New York}
}

@incollection{Turner2011,
  title        = {Two Problems with Variational Expectation Maximisation for Time-Series Models},
  author       = {Richard E. Turner and Maneesh Sahani},
  year         = 2011,
  booktitle    = {Bayesian Time Series Models},
  editor       = {David Barber, A. Taylan Cemgil, and Silvia Chiappa},
  pages        = {104--124},
  publisher    = {Cambridge University Press}
}

@inproceedings{Wang2005,
  title        = {Inadequacy of Interval Estimates Corresponding to Variational Bayesian Approximations},
  author       = {Bo Wang and D. Michael Titterington},
  year         = 2005,
  booktitle    = {Proceedings of the Tenth International Workshop on Artificial Intelligence and Statistics},
  editor       = {Robert G. Cowell and Zoubin Ghahramani},
  pages        = {373--380},
  publisher    = {Society for Artificial Intelligence and Statistics}
}



@InProceedings{Bergstra2013,
  title = 	 {Making a Science of Model Search: Hyperparameter Optimization in Hundreds of Dimensions for Vision Architectures},
  author = 	 {Bergstra, James and Yamins, Daniel and Cox, David},
  booktitle = 	 {Proceedings of the 30th International Conference on Machine Learning},
  pages = 	 {115--123},
  year = 	 {2013},
  editor = 	 {Dasgupta, Sanjoy and McAllester, David},
  volume = 	 {28},
  number =       {1},
  series = 	 {Proceedings of Machine Learning Research},
  address = 	 {Atlanta, Georgia, USA},
  month = 	 {17--19 Jun},
  publisher =    {PMLR},
  pdf = 	 {http://proceedings.mlr.press/v28/bergstra13.pdf},
  url = 	 {https://proceedings.mlr.press/v28/bergstra13.html}
}


@article{2_mock_data_ET_2014,
	title        = {Second Einstein Telescope mock science challenge: Detection of the gravitational-wave stochastic background from compact binary coalescences},
	author       = {Regimbau, Tania and Meacher, Duncan and Coughlin, Michael},
	year         = 2014,
	month        = {Apr},
	journal      = {Phys. Rev. D},
	publisher    = {American Physical Society},
	volume       = 89,
	pages        = {084046},
	doi          = {10.1103/PhysRevD.89.084046},
	url          = {https://link.aps.org/doi/10.1103/PhysRevD.89.084046},
	issue        = 8,
	numpages     = 6
}
@article{2_mock_data_ET_2016,
	title        = {Second Einstein Telescope mock data and science challenge: Low frequency binary neutron star data analysis},
	author       = {Meacher, Duncan and Cannon, Kipp and Hanna, Chad and Regimbau, Tania and Sathyaprakash, B. S.},
	year         = 2016,
	month        = {Jan},
	journal      = {Phys. Rev. D},
	publisher    = {American Physical Society},
	volume       = 93,
	pages        = {024018},
	doi          = {10.1103/PhysRevD.93.024018},
	url          = {https://link.aps.org/doi/10.1103/PhysRevD.93.024018},
	issue        = 2,
	numpages     = 14
}
@article{AdLIGO_PE_noise_subtraction,
	title        = {Improving astrophysical parameter estimation via offline noise subtraction for Advanced LIGO},
	author       = {Driggers, J. C. and Vitale, S. and Lundgren, A. P. and Evans, M. and Kawabe, K. and Dwyer, S. E. and others},
	year         = 2019,
	month        = {Feb},
	journal      = {Phys. Rev. D},
	publisher    = {American Physical Society},
	volume       = 99,
	pages        = {042001},
	doi          = {10.1103/PhysRevD.99.042001},
	url          = {https://link.aps.org/doi/10.1103/PhysRevD.99.042001},
	collaboration = {The LIGO Scientific Collaboration Instrument Science Authors},
	issue        = 4,
	numpages     = 9
}
@article{Agarwal2001,
	title        = {{Proceedings of the Fifth Low Temperature Conference, Madison, WI, 1999}},
	author       = {A. G. Agarwal},
	year         = 2001,
	journal      = {Semiconductors},
	volume       = 66,
	pages        = 1238
}
@article{Badaracco_2019_NN_subtraction,
	title        = {Optimization of seismometer arrays for the cancellation of Newtonian noise from seismic body waves},
	author       = {F Badaracco and J Harms},
	year         = 2019,
	month        = {jun},
	journal      = {Classical and Quantum Gravity},
	publisher    = {IOP Publishing},
	volume       = 36,
	number       = 14,
	pages        = 145006,
	doi          = {10.1088/1361-6382/ab28c1},
	url          = {https://dx.doi.org/10.1088/1361-6382/ab28c1}
}
@article{Ball_lightning_strokes,
	title        = {Correlated 1--1000 Hz magnetic field fluctuations from lightning over Earth-scale distances and their impact on gravitational wave searches},
	author       = {Janssens, Kamiel and Ball, Matthew and Schofield, Robert M. S. and Christensen, Nelson and Frey, Raymond and van Remortel, Nick and others},
	year         = 2023,
	month        = {Jan},
	journal      = {Phys. Rev. D},
	publisher    = {American Physical Society},
	volume       = 107,
	pages        = {022004},
	doi          = {10.1103/PhysRevD.107.022004},
	url          = {https://link.aps.org/doi/10.1103/PhysRevD.107.022004},
	issue        = 2,
	numpages     = 17
}
@inbook{ballagh2000,
	title        = {Bose-Einstein condensation: from atomic physics to quantum fluids, Proceedings of the 13th Physics Summer School},
	author       = {R. Ballagh and C.M. Savage},
	year         = 2000,
	publisher    = {World Scientific},
	address      = {Singapore},
	editor       = {C.M. Savage and M. Das},
	eprint       = {cond-mat/0008070}
}
@incollection{ballagh2000a,
	title        = {Bose-Einstein condensation: from atomic physics to quantum fluids},
	author       = {R. Ballagh and C.M. Savage},
	year         = 2000,
	booktitle    = {Proceedings of the 13th Physics Summer School},
	publisher    = {World Scientific},
	address      = {Singapore},
	editor       = {C.M. Savage and M. Das},
	eprint       = {cond-mat/0008070}
}
@article{Berman1983,
	title        = {Stability of nonlinear modes},
	author       = {G. P. Berman, Jr. and F. M. Izrailev, Jr.},
	year         = 1983,
	journal      = {Physica D},
	volume       = 88,
	pages        = 445
}
@inbook{Beutler1994,
	author       = {E. Beutler},
	year         = 1994,
	booktitle    = {Williams Hematology},
	publisher    = {McGraw-Hill},
	address      = {New York},
	volume       = 2,
	pages        = {654--662},
	editor       = {E. Beutler and M. A. Lichtman and B. W. Coller and T. S. Kipps},
	chapter      = 7,
	edition      = 5
}
@incollection{Beutler1994a,
	author       = {E. Beutler},
	year         = 1994,
	booktitle    = {Williams Hematology},
	publisher    = {McGraw-Hill},
	address      = {New York},
	volume       = 2,
	pages        = {654--662},
	editor       = {E. Beutler and M. A. Lichtman and B. W. Coller and T. S. Kipps},
	chapter      = 7,
	edition      = 5
}
@article{Bias_PE_ET_2021,
	title        = {Biases in parameter estimation from overlapping gravitational-wave signals in the third-generation detector era},
	author       = {Samajdar, Anuradha and Janquart, Justin and Van Den Broeck, Chris and Dietrich, Tim},
	year         = 2021,
	month        = {Aug},
	journal      = {Phys. Rev. D},
	publisher    = {American Physical Society},
	volume       = 104,
	pages        = {044003},
	doi          = {10.1103/PhysRevD.104.044003},
	url          = {https://link.aps.org/doi/10.1103/PhysRevD.104.044003},
	issue        = 4,
	numpages     = 17
}
@preamble{
 "\providecommand{\noopsort}[1]{}" 
 # "\providecommand{\singleletter}[1]{#1}%" 
}
@book{Bire82,
	title        = {Quantum Fields in Curved Space},
	author       = {N. D. Birell and P. C. W. Davies},
	year         = 1982,
	publisher    = {Cambridge University Press}
}

@article{Blei2006,
	title        = {Variational inference for Dirichlet process mixtures},
	author       = {Blei, D. M. and Jordan, M. I.},
	year         = 2006,
	journal      = {Bayesian Analysis},
	number       = 1,
	pages        = {121â143}
}

@article{Kingma2013,
       author = {{Kingma}, Diederik P and {Welling}, Max},
        title = "{Auto-Encoding Variational Bayes}",
      journal = {arXiv e-prints},
     keywords = {Statistics - Machine Learning, Computer Science - Machine Learning},
         year = 2013,
        month = dec,
          eid = {arXiv:1312.6114},
        pages = {arXiv:1312.6114},
          doi = {10.48550/arXiv.1312.6114},
archivePrefix = {arXiv},
       eprint = {1312.6114},
 primaryClass = {stat.ML},
       adsurl = {https://ui.adsabs.harvard.edu/abs/2013arXiv1312.6114K},
      adsnote = {Provided by the SAO/NASA Astrophysics Data System}
}



@misc{Han2019,
      title={Statistical Inference in Mean-Field Variational Bayes}, 
      author={Wei Han and Yun Yang},
      year={2019},
      eprint={1911.01525},
      archivePrefix={arXiv},
      primaryClass={math.ST}
}


@article{Blei2017,
	title        = {Variational Inference: A Review for Statisticians},
	author       = {Blei, D. M. and Kucukelbir, A. and McAuliffe, J. D.},
	year         = 2017,
	journal      = {Journal of the American Statistical Association},
	volume       = 112,
	number       = 518,
	pages        = {859â877}
}
@article{boileau2022figures,
	title        = {Figures of merit for a stochastic gravitational-wave background measurement by LISA: Implications of LISA Pathfinder noise correlations},
	author       = {Boileau, Guillaume and Christensen, Nelson and Meyer, Renate},
	year         = 2022,
	journal      = {Physical Review D},
	publisher    = {APS},
	volume       = 106,
	number       = 6,
	pages        = {063025}
}
@book{book-full,
	title        = {Seminumerical Algorithms},
	author       = {Donald E. Knuth},
	year         = {\noopsort{1973c}1981},
	month        = {10~} # jan,
	publisher    = {Addison-Wesley},
	address      = {Reading, Massachusetts},
	series       = {The Art of Computer Programming},
	volume       = 2,
	note         = {A full BOOK entry},
	edition      = {Second}
}
@booklet{booklet-full,
	title        = {The Programming of Computer Art},
	author       = {Jill C. Knvth},
	year         = 1988,
	month        = feb,
	address      = {Stanford, California},
	note         = {A full BOOKLET entry},
	howpublished = {Vernier Art Center}
}
@article{Branchesi_2023_ET_science_case,
	title        = {Science with the Einstein Telescope: a comparison of different designs},
	author       = {Marica Branchesi and Michele Maggiore and David Alonso and Charles Badger and Biswajit Banerjee and Freija Beirnaert and others},
	year         = 2023,
	month        = {jul},
	journal      = {Journal of Cosmology and Astroparticle Physics},
	publisher    = {IOP Publishing},
	volume       = 2023,
	number       = {07},
	pages        = {068},
	doi          = {10.1088/1475-7516/2023/07/068},
	url          = {https://dx.doi.org/10.1088/1475-7516/2023/07/068}
}
@unpublished{Burstyn2004,
	title        = {{Proceedings of the 5th International Molecular Beam Epitaxy Conference, Santa Fe, NM}},
	author       = {Y. Burstyn},
	year         = 2004,
	month        = {5--8~} # oct,
	note         = {(unpublished)}
}
@misc{CE_horizon_study,
	title        = {A Horizon Study for Cosmic Explorer: Science, Observatories, and Community},
	author       = {Matthew Evans and Rana X Adhikari and Chaitanya Afle and Stefan W. Ballmer and Sylvia Biscoveanu and Ssohrab Borhanian and others},
	year         = 2021,
	eprint       = {2109.09882},
	archiveprefix = {arXiv},
	primaryclass = {astro-ph.IM}
}
@article{Christensen_2019_SGWB,
	title        = {Stochastic gravitational wave backgrounds},
	author       = {Nelson Christensen},
	year         = 2018,
	month        = {nov},
	journal      = {Reports on Progress in Physics},
	publisher    = {IOP Publishing},
	volume       = 82,
	number       = 1,
	pages        = {016903},
	doi          = {10.1088/1361-6633/aae6b5},
	url          = {https://dx.doi.org/10.1088/1361-6633/aae6b5}
}
@article{Christensen_PE_for_GW,
	title        = {Parameter estimation with gravitational waves},
	author       = {Christensen, Nelson and Meyer, Renate},
	year         = 2022,
	month        = {Apr},
	journal      = {Rev. Mod. Phys.},
	publisher    = {American Physical Society},
	volume       = 94,
	pages        = {025001},
	doi          = {10.1103/RevModPhys.94.025001},
	url          = {https://link.aps.org/doi/10.1103/RevModPhys.94.025001},
	issue        = 2,
	numpages     = 64
}
@article{Cireddu:2023:arXiv,
	title        = {{Likelihood for a Network of Gravitational-Wave Detectors with Correlated Noise}},
	author       = {{Cireddu}, Francesco and {Wils}, Milan and {Wong}, Isaac C.~F. and {Pang}, Peter T.~H. and {Li}, Tjonnie G.~F. and {Del Pozzo}, Walter},
	year         = 2023,
	month        = dec,
	journal      = {arXiv e-prints},
	pages        = {arXiv:2312.14614},
	doi          = {10.48550/arXiv.2312.14614},
	keywords     = {General Relativity and Quantum Cosmology, Astrophysics - Instrumentation and Methods for Astrophysics},
	eid          = {arXiv:2312.14614},
	archiveprefix = {arXiv},
	eprint       = {2312.14614},
	primaryclass = {gr-qc},
	adsurl       = {https://ui.adsabs.harvard.edu/abs/2023arXiv231214614C},
	adsnote      = {Provided by the SAO/NASA Astrophysics Data System}
}
@misc{Cireddu2023,
	title        = {Likelihood for a Network of Gravitational-Wave Detectors with Correlated Noise},
	author       = {Francesco Cireddu and Milan Wils and Isaac C. F. Wong and Peter T. H. Pang and Tjonnie G. F. Li and Walter Del Pozzo},
	year         = 2023,
	eprint       = {2312.14614},
	archiveprefix = {arXiv},
	primaryclass = {gr-qc}
}
@article{Confusion_noise_2009_Regimbau,
	title        = {Gravitational-wave confusion background from cosmological compact binaries: Implications for future terrestrial detectors},
	author       = {Regimbau, T. and Hughes, Scott A.},
	year         = 2009,
	month        = {Mar},
	journal      = {Phys. Rev. D},
	publisher    = {American Physical Society},
	volume       = 79,
	pages        = {062002},
	doi          = {10.1103/PhysRevD.79.062002},
	url          = {https://link.aps.org/doi/10.1103/PhysRevD.79.062002},
	issue        = 6,
	numpages     = 8
}
@article{confusion_noise_ET_matched_filtering_2023,
	title        = {Mock data study for next-generation ground-based detectors: The performance loss of matched filtering due to correlated confusion noise},
	author       = {Wu, Shichao and Nitz, Alexander H.},
	year         = 2023,
	month        = {Mar},
	journal      = {Phys. Rev. D},
	publisher    = {American Physical Society},
	volume       = 107,
	pages        = {063022},
	doi          = {10.1103/PhysRevD.107.063022},
	url          = {https://link.aps.org/doi/10.1103/PhysRevD.107.063022},
	issue        = 6,
	numpages     = 21
}
@article{Coughlin_2016_corr_noise_subtraction,
	title        = {Subtraction of correlated noise in global networks of gravitational-wave interferometers},
	author       = {Michael W Coughlin and Nelson L Christensen and Rosario De Rosa and Irene Fiori and Mark GoÅkowski and Melissa Guidry and others},
	year         = 2016,
	month        = {oct},
	journal      = {Classical and Quantum Gravity},
	publisher    = {IOP Publishing},
	volume       = 33,
	number       = 22,
	pages        = 224003,
	doi          = {10.1088/0264-9381/33/22/224003},
	url          = {https://dx.doi.org/10.1088/0264-9381/33/22/224003}
}
@article{Davies1998,
	title        = {Trapped modes in acoustic waveguides},
	author       = {E. B. Davies and L. Parns},
	year         = 1988,
	journal      = {Q. J. Mech. Appl. Math.},
	volume       = 51,
	pages        = {477--492}
}
@article{Davis_2019_LIGO_noise_subtraction,
	title        = {Improving the sensitivity of Advanced LIGO using noise subtraction},
	author       = {Derek Davis and Thomas Massinger and Andrew Lundgren and Jennifer C Driggers and Alex L Urban and Laura Nuttall},
	year         = 2019,
	month        = {feb},
	journal      = {Classical and Quantum Gravity},
	publisher    = {IOP Publishing},
	volume       = 36,
	number       = 5,
	pages        = {055011},
	doi          = {10.1088/1361-6382/ab01c5},
	url          = {https://dx.doi.org/10.1088/1361-6382/ab01c5}
}
@misc{Vallisneri2024,
      title={Rapid parameter estimation for pulsar-timing-array datasets with variational inference and normalizing flows}, 
      author={Michele Vallisneri and Marco Crisostomi and Aaron D. Johnson and Patrick M. Meyers},
      year={2024},
      eprint={2405.08857},
      archivePrefix={arXiv},
      primaryClass={gr-qc}
}
@article{epr,
	author       = {A. Einstein and {\relax Yu} Podolsky and N. Rosen},
	year         = 1935,
	journal      = {Phys.\ Rev.},
	volume       = 47,
	pages        = 777,
	collaboration = {EPR}
}
@misc{ET_design_report,
	title        = {{ET Design Report Update 2020}},
	author       = {{ET steering committee}},
	year         = 2020,
	month        = 11,
	journal      = {ET documentation system},
	url          = {https://apps.et-gw.eu/tds/ql/?c=15418}
}
@misc{ET_science_case,
	title        = {Einstein Telescope: Science Case, Design Study and Feasibility Report},
	author       = {{ET steering committee}},
	year         = 2020,
	month        = {08},
	journal      = {ET documentation system},
	url          = {https://apps.et-gw.eu/tds/ql/?c=15662}
}
@article{feyn54,
	author       = {R. P. Feynman},
	year         = 1954,
	journal      = {Phys.\ Rev.},
	volume       = 94,
	pages        = 262
}
@techreport{Fields2005,
	author       = {W. K. Fields},
	year         = 2005,
	number       = {AL944},
	note         = {Required institution missing},
	type         = {{ECE Report No.}},
	institution  = {}
}
@misc{granite_2022,
	title        = {Granite - a software package for gravitational-wave Bayesian parameter estimation},
	author       = {Del Pozzo, Walter and Pagano, Giulia and Carullo, Gregorio and Cireddu, Francesco},
	year         = 2022,
	journal      = {GitHub repository},
	publisher    = {GitHub},
	url          = {https://github.com/wdpozzo/granite}
}
@article{GW150914,
	title        = {Observation of Gravitational Waves from a Binary Black Hole Merger},
	author       = {Abbott, B. P. and Abbott, R. and Abbott, T. D. and Abernathy, M. R. and Acernese, F. and Ackley, K. and others},
	year         = 2016,
	month        = {Feb},
	journal      = {Phys. Rev. Lett.},
	publisher    = {American Physical Society},
	volume       = 116,
	pages        = {061102},
	doi          = {10.1103/PhysRevLett.116.061102},
	url          = {https://link.aps.org/doi/10.1103/PhysRevLett.116.061102},
	collaboration = {LIGO Scientific Collaboration and Virgo Collaboration},
	issue        = 6,
	numpages     = 16
}
@article{GW170814,
	title        = {GW170814: A Three-Detector Observation of Gravitational Waves from a Binary Black Hole Coalescence},
	author       = {Abbott, B. P. and Abbott, R. and Abbott, T. D. and Acernese, F. and Ackley, K. and Adams, C. and others},
	year         = 2017,
	month        = {Oct},
	journal      = {Phys. Rev. Lett.},
	publisher    = {American Physical Society},
	volume       = 119,
	pages        = 141101,
	doi          = {10.1103/PhysRevLett.119.141101},
	url          = {https://link.aps.org/doi/10.1103/PhysRevLett.119.141101},
	collaboration = {LIGO Scientific Collaboration and Virgo Collaboration},
	issue        = 14,
	numpages     = 16
}
@article{GW170817,
	title        = {GW170817: Observation of Gravitational Waves from a Binary Neutron Star Inspiral},
	author       = {Abbott, B. P. and Abbott, R. and Abbott, T. D. and Acernese, F. and Ackley, K. and Adams, C. and others},
	year         = 2017,
	month        = {Oct},
	journal      = {Phys. Rev. Lett.},
	publisher    = {American Physical Society},
	volume       = 119,
	pages        = 161101,
	doi          = {10.1103/PhysRevLett.119.161101},
	url          = {https://link.aps.org/doi/10.1103/PhysRevLett.119.161101},
	collaboration = {LIGO Scientific Collaboration and Virgo Collaboration},
	issue        = 16,
	numpages     = 18
}
@article{GW190521,
	title        = {GW190521: A Binary Black Hole Merger with a Total Mass of $150\text{ }\text{ }{M}_{\ensuremath{\bigodot}}$},
	author       = {Abbott, R. and Abbott, T. D. and Abraham, S. and Acernese, F. and Ackley, K. and Adams, C. and others},
	year         = 2020,
	month        = {Sep},
	journal      = {Phys. Rev. Lett.},
	publisher    = {American Physical Society},
	volume       = 125,
	pages        = 101102,
	doi          = {10.1103/PhysRevLett.125.101102},
	url          = {https://link.aps.org/doi/10.1103/PhysRevLett.125.101102},
	collaboration = {LIGO Scientific Collaboration and Virgo Collaboration},
	issue        = 10,
	numpages     = 17
}
@article{GWB_subtraction_2023,
	title        = {Detecting cosmological gravitational wave background after removal of compact binary coalescences in future gravitational wave detectors},
	author       = {Zhong, Haowen and Ormiston, Rich and Mandic, Vuk},
	year         = 2023,
	month        = {Mar},
	journal      = {Phys. Rev. D},
	publisher    = {American Physical Society},
	volume       = 107,
	pages        = {064048},
	doi          = {10.1103/PhysRevD.107.064048},
	url          = {https://link.aps.org/doi/10.1103/PhysRevD.107.064048},
	issue        = 6,
	numpages     = 9
}
@article{GWB_subtraction_foreground_2023,
	title        = {Subtracting compact binary foregrounds to search for subdominant gravitational-wave backgrounds in next-generation ground-based observatories},
	author       = {Zhou, Bei and Reali, Luca and Berti, Emanuele and \ifmmode \mbox{\c{C}}\else \c{C}\fi{}al\ifmmode \imath \else \i \fi{}\ifmmode \mbox{\c{s}}\else \c{s}\fi{}kan, Mesut and Creque-Sarbinowski, Cyril and Kamionkowski, Marc and others},
	year         = 2023,
	month        = {Sep},
	journal      = {Phys. Rev. D},
	publisher    = {American Physical Society},
	volume       = 108,
	pages        = {064040},
	doi          = {10.1103/PhysRevD.108.064040},
	url          = {https://link.aps.org/doi/10.1103/PhysRevD.108.064040},
	issue        = 6,
	numpages     = 19
}
@article{GWTC-3,
	title        = {GWTC-3: Compact Binary Coalescences Observed by LIGO and Virgo during the Second Part of the Third Observing Run},
	author       = {Abbott, R. and Abbott, T. D. and Acernese, F. and Ackley, K. and Adams, C. and Adhikari, N. and others},
	year         = 2023,
	month        = {Dec},
	journal      = {Phys. Rev. X},
	publisher    = {American Physical Society},
	volume       = 13,
	pages        = {041039},
	doi          = {10.1103/PhysRevX.13.041039},
	url          = {https://link.aps.org/doi/10.1103/PhysRevX.13.041039},
	collaboration = {LIGO Scientific Collaboration, Virgo Collaboration, and KAGRA Collaboration},
	issue        = 4,
	numpages     = 89
}
@article{Hild_2011_ET_sensitivity,
	title        = {Sensitivity studies for third-generation gravitational wave observatories},
	author       = {S Hild and M Abernathy and F Acernese and P Amaro-Seoane and N Andersson and K Arun and others},
	year         = 2011,
	month        = {apr},
	journal      = {Classical and Quantum Gravity},
	publisher    = {},
	volume       = 28,
	number       = 9,
	pages        = {094013},
	doi          = {10.1088/0264-9381/28/9/094013},
	url          = {https://dx.doi.org/10.1088/0264-9381/28/9/094013}
}
@article{Hu2023,
	title        = {Fast Bayesian inference on spectral analysis of multivariate stationary time series},
	author       = {Zhixiong Hu and Raquel Prado},
	year         = 2023,
	journal      = {Computational Statistics \& Data Analysis},
	volume       = 178,
	pages        = 107596,
	doi          = {https://doi.org/10.1016/j.csda.2022.107596},
	issn         = {0167-9473},
	url          = {https://www.sciencedirect.com/science/article/pii/S0167947322001761}
}
@article{IMRPhenomXPHM,
	title        = {Computationally efficient models for the dominant and subdominant harmonic modes of precessing binary black holes},
	author       = {Pratten, Geraint and Garc\'{\i}a-Quir\'os, Cecilio and Colleoni, Marta and Ramos-Buades, Antoni and Estell\'es, H\'ector and Mateu-Lucena, Maite and others},
	year         = 2021,
	month        = {May},
	journal      = {Phys. Rev. D},
	publisher    = {American Physical Society},
	volume       = 103,
	pages        = 104056,
	doi          = {10.1103/PhysRevD.103.104056},
	url          = {https://link.aps.org/doi/10.1103/PhysRevD.103.104056},
	issue        = 10,
	numpages     = 36
}
@inbook{inbook-full,
	author       = {Donald E. Knuth},
	year         = {\noopsort{1973b}1973},
	month        = {10~} # jan,
	booktitle    = {Fundamental Algorithms},
	publisher    = {Addison-Wesley},
	address      = {Reading, Massachusetts},
	series       = {The Art of Computer Programming},
	volume       = 1,
	pages        = {10--119},
	note         = {A full INBOOK entry},
	edition      = {Second},
	type         = {Section},
	chapter      = {1.2}
}
@incollection{incollection-full,
	title        = {Semigroups of Recurrences},
	author       = {Daniel D. Lincoll},
	year         = 1977,
	month        = sep,
	booktitle    = {High Speed Computer and Algorithm Organization},
	publisher    = {Academic Press},
	address      = {New York},
	series       = {Fast Computers},
	number       = 23,
	pages        = {179--183},
	note         = {A full INCOLLECTION entry},
	editor       = {David J. Lipcoll and D. H. Lawrie and A. H. Sameh},
	chapter      = 3,
	type         = {Part},
	edition      = {Third}
}
@inproceedings{inproceedings-full,
	title        = {On Notions of Information Transfer in {VLSI} Circuits},
	author       = {Alfred V. Oaho and Jeffrey D. Ullman and Mihalis Yannakakis},
	year         = 1983,
	month        = mar,
	booktitle    = {Proc. Fifteenth Annual ACM},
	publisher    = {Academic Press},
	address      = {New York},
	series       = {All ACM Conferences},
	number       = 17,
	pages        = {133--139},
	note         = {A full INPROCEDINGS entry},
	editor       = {Wizard V. Oz and Mihalis Yannakakis},
	bookaddress  = {Boston, 1982},
	organization = {ACM}
}
@article{Janssens_magnetic_noise,
	title        = {Impact of Schumann resonances on the Einstein Telescope and projections for the magnetic coupling function},
	author       = {Janssens, Kamiel and Martinovic, Katarina and Christensen, Nelson and Meyers, Patrick M. and Sakellariadou, Mairi},
	year         = 2021,
	month        = {Dec},
	journal      = {Phys. Rev. D},
	publisher    = {American Physical Society},
	volume       = 104,
	pages        = 122006,
	doi          = {10.1103/PhysRevD.104.122006},
	url          = {https://link.aps.org/doi/10.1103/PhysRevD.104.122006},
	issue        = 12,
	numpages     = 9
}
@article{Janssens_newtonian_seismic,
	title        = {Impact of correlated seismic and correlated Newtonian noise on the Einstein Telescope},
	author       = {Janssens, Kamiel and Boileau, Guillaume and Christensen, Nelson and Badaracco, Francesca and van Remortel, Nick},
	year         = 2022,
	month        = {Aug},
	journal      = {Phys. Rev. D},
	publisher    = {American Physical Society},
	volume       = 106,
	pages        = {042008},
	doi          = {10.1103/PhysRevD.106.042008},
	url          = {https://link.aps.org/doi/10.1103/PhysRevD.106.042008},
	issue        = 4,
	numpages     = 14
}
@article{Janssens2023,
	author = {{Janssens}, Kamiel and {Boileau}, Guillaume and {Bizouard}, Marie-Anne and {Christensen}, Nelson and {Regimbau}, Tania and {Remortel}, Nick van},
        title = "{Formalism for power spectral density estimation for non-identical and correlated noise using the null channel in Einstein Telescope}",
      journal = {European Physical Journal Plus},
     keywords = {General Relativity and Quantum Cosmology, Physics - Data Analysis, Statistics and Probability},
         year = 2023,
        month = apr,
       volume = {138},
       number = {4},
          eid = {352},
        pages = {352},
          doi = {10.1140/epjp/s13360-023-03948-9},
archivePrefix = {arXiv},
       eprint = {2205.00416},
 primaryClass = {gr-qc},
       adsurl = {https://ui.adsabs.harvard.edu/abs/2023EPJP..138..352J},
      adsnote = {Provided by the SAO/NASA Astrophysics Data System}
}
@misc{JohnsonMillerSmith2007,
	title        = {},
	author       = {M. P. Johnson and K. L. Miller and K. Smith},
	year         = 2007,
	month        = {1~} # may,
	note         = {},
	howpublished = {personal communication}
}
@article{Jordan1999,
	title        = {Introduction to Variational Methods for Graphical Models},
	author       = {Jordan, M. I. and Ghahramani, Z. and Jaakkola, T. and Saul, L.},
	journal      = {Machine Learning},
	pages        = {183â233},
	vlume        = 37
}
@article{KawaLin2003,
	title        = {},
	author       = {S. R. Kawa and S.-J. Lin},
	year         = 2003,
	month        = {},
	journal      = {J. Geophys. Res.},
	volume       = 108,
	number       = {D6},
	pages        = 4201,
	note         = {{DOI:10.1029/2002JD002268}}
}
@article{LISA_science_case,
	title        = {Astrophysics with the Laser Interferometer Space Antenna},
	author       = {Amaro-Seoane, Pau and Andrews, Jeff and Arca Sedda, Manuel and Askar, Abbas and Baghi, Quentin and Balasov, Razvan and others},
	year         = 2023,
	month        = mar,
	journal      = {Living Reviews in Relativity},
	publisher    = {Springer Science and Business Media LLC},
	volume       = 26,
	number       = 1,
	doi          = {10.1007/s41114-022-00041-y},
	issn         = {1433-8351},
	url          = {http://dx.doi.org/10.1007/s41114-022-00041-y}
}
@misc{Liu2023,
    title = {A nonparametrically corrected likelihood for Bayesian spectral analysis of multivariate time series},
    journal = {Computational Statistics & Data Analysis},
    volume = {199},
    pages = {108010},
    year = {2024},
    issn = {0167-9473},
    doi = {https://doi.org/10.1016/j.csda.2024.108010},
    url = {https://www.sciencedirect.com/science/article/pii/S016794732400094X},
    author = {Yixuan Liu and Claudia Kirch and Jeong Eun Lee and Renate Meyer},
    keywords = {Multivariate time series, Spectral analysis, Whittle likelihood, Bayesian nonparametrics, Completely random measures, Markov chain Monte Carlo},
}

@ARTICLE{LISA_red_book,
 author = {{Colpi}, Monica and {Danzmann}, Karsten and {Hewitson}, Martin and {Holley-Bockelmann}, Kelly and {Jetzer}, Philippe and et al.},
        title = "{LISA Definition Study Report}",
      journal = {arXiv e-prints},
     keywords = {Astrophysics - Cosmology and Nongalactic Astrophysics, Astrophysics - Astrophysics of Galaxies, Astrophysics - High Energy Astrophysical Phenomena, Astrophysics - Instrumentation and Methods for Astrophysics, Astrophysics - Solar and Stellar Astrophysics, General Relativity and Quantum Cosmology},
         year = 2024,
        month = feb,
          eid = {arXiv:2402.07571},
        pages = {arXiv:2402.07571},
          doi = {10.48550/arXiv.2402.07571},
archivePrefix = {arXiv},
       eprint = {2402.07571},
 primaryClass = {astro-ph.CO},
       adsurl = {https://ui.adsabs.harvard.edu/abs/2024arXiv240207571C},
      adsnote = {Provided by the SAO/NASA Astrophysics Data System}
}



@article{Maggiore_2020_ET_science_case,
	title        = {Science case for the Einstein telescope},
	author       = {Michele Maggiore and Chris Van Den Broeck and Nicola Bartolo and Enis Belgacem and Daniele Bertacca and Marie Anne Bizouard and others},
	year         = 2020,
	month        = {mar},
	journal      = {Journal of Cosmology and Astroparticle Physics},
	publisher    = {},
	volume       = 2020,
	number       = {03},
	pages        = {050},
	doi          = {10.1088/1475-7516/2020/03/050},
	url          = {https://dx.doi.org/10.1088/1475-7516/2020/03/050}
}
@article{Magnetic_noise_subtraction,
	title        = {Measurement and subtraction of Schumann resonances at gravitational-wave interferometers},
	author       = {Coughlin, Michael W. and Cirone, Alessio and Meyers, Patrick and Atsuta, Sho and Boschi, Valerio and Chincarini, Andrea and others},
	year         = 2018,
	month        = {May},
	journal      = {Phys. Rev. D},
	publisher    = {American Physical Society},
	volume       = 97,
	pages        = 102007,
	doi          = {10.1103/PhysRevD.97.102007},
	url          = {https://link.aps.org/doi/10.1103/PhysRevD.97.102007},
	issue        = 10,
	numpages     = 9
}
@inbook{Magnetism,
	title        = {Introduction to the Theory of Normal Metals},
	author       = {W. Opechowski and R. Guccione},
	year         = 1965,
	booktitle    = {Magnetism},
	publisher    = {Academic Press},
	address      = {New York},
	volume       = {IIa},
	pages        = 105,
	editor       = {G. T. Rado and H. Suhl}
}
@incollection{Magnetisma,
	title        = {Introduction to the Theory of Normal Metals},
	author       = {W. Opechowski and R. Guccione},
	year         = 1965,
	booktitle    = {Magnetism},
	publisher    = {Academic Press},
	address      = {New York},
	volume       = {IIa},
	pages        = 105,
	editor       = {G. T. Rado and H. Suhl}
}
@inproceedings{Magnetismb,
	title        = {Introduction to the Theory of Normal Metals},
	author       = {W. Opechowski and R. Guccione},
	year         = 1965,
	booktitle    = {Magnetism},
	publisher    = {Academic Press},
	address      = {New York},
	volume       = {IIa},
	pages        = 105,
	editor       = {G. T. Rado and H. Suhl}
}
@manual{manual-full,
	title        = {The Definitive Computer Manual},
	author       = {Larry Manmaker},
	year         = 1986,
	month        = apr # {-} # may,
	address      = {Silicon Valley},
	note         = {A full MANUAL entry},
	organization = {Chips-R-Us},
	edition      = {Silver}
}
@mastersthesis{mastersthesis-full,
	title        = {Mastering Thesis Writing},
	author       = {{\'{E}}douard Masterly},
	year         = 1988,
	month        = jun # {-} # aug,
	address      = {English Department},
	note         = {A full MASTERSTHESIS entry},
	school       = {Stanford University},
	type         = {Master's project}
}
@article{Meier2020,
	author = {{Meier}, Alexander and {Kirch}, Claudia and {Meyer}, Renate},
        title = "{Bayesian Nonparametric Analysis of Multivariate Time Series: A Matrix Gamma Process Approach}",
      journal = {arXiv e-prints},
     keywords = {Statistics - Methodology, Primary 62G20, 62M10, 60G57, secondary 60G15},
         year = 2018,
        month = nov,
          eid = {arXiv:1811.10292},
        pages = {arXiv:1811.10292},
          doi = {10.48550/arXiv.1811.10292},
archivePrefix = {arXiv},
       eprint = {1811.10292},
 primaryClass = {stat.ME},
       adsurl = {https://ui.adsabs.harvard.edu/abs/2018arXiv181110292M},
      adsnote = {Provided by the SAO/NASA Astrophysics Data System}
}
@article{mock_data_ET_2012,
	title        = {Mock data challenge for the Einstein Gravitational-Wave Telescope},
	author       = {Regimbau, Tania and Dent, Thomas and Del Pozzo, Walter and Giampanis, Stefanos and Li, Tjonnie G. F. and Robinson, Craig and others},
	year         = 2012,
	month        = {Dec},
	journal      = {Phys. Rev. D},
	publisher    = {American Physical Society},
	volume       = 86,
	pages        = 122001,
	doi          = {10.1103/PhysRevD.86.122001},
	url          = {https://link.aps.org/doi/10.1103/PhysRevD.86.122001},
	issue        = 12,
	numpages     = 19
}
@techreport{Nelson1999,
	author       = {J. Nelson},
	year         = jan # {~1999},
	number       = {666/1999},
	note         = {Required institution missing},
	type         = {{TWI Report}},
	institution  = {}
}
@mastersthesis{Nelson1999a,
	title        = {},
	author       = {J. K. Nelson},
	year         = 1999,
	month        = {},
	address      = {},
	note         = {},
	school       = {New York University},
	type         = {M.{S}. thesis}
}
@misc{Nelson2005,
	author       = {J. Nelson},
	year         = {12~} # dec # {~2005},
	howpublished = {{U.S. Patent No.} 5,693,000}
}
@phdthesis{phdthesis-full,
	title        = {Fighting Fire with Fire: Festooning {F}rench Phrases},
	author       = {F. Phidias Phony-Baloney},
	year         = 1988,
	month        = jun # {-} # aug,
	address      = {Department of French},
	note         = {A full PHDTHESIS entry},
	school       = {Fanstord University},
	type         = {{PhD} Dissertation}
}
@proceedings{proceedings-full,
	title        = {Proc. Fifteenth Annual},
	year         = 1983,
	month        = mar,
	publisher    = {Academic Press},
	address      = {Boston},
	series       = {All ACM Conferences},
	number       = 17,
	note         = {A full PROCEEDINGS entry},
	editor       = {Wizard V. Oz and Mihalis Yannakakis},
	organization = {ACM}
}
@article{Punturo_2010,
	title        = {The Einstein Telescope: a third-generation gravitational wave observatory},
	author       = {M Punturo and M Abernathy and F Acernese and B Allen and N Andersson and K Arun and others},
	year         = 2010,
	month        = {sep},
	journal      = {Classical and Quantum Gravity},
	publisher    = {},
	volume       = 27,
	number       = 19,
	pages        = 194002,
	doi          = {10.1088/0264-9381/27/19/194002},
	url          = {https://dx.doi.org/10.1088/0264-9381/27/19/194002}
}
@proceedings{Quinn2001,
	title        = {{Proceedings of the 2003 Particle  Accelerator Conference, Portland, OR, 12-16 May 2005}},
	year         = 2001,
	publisher    = {Wiley},
	address      = {New York},
	note         = {Albeit the conference was held in 2005, it was the 2003 conference, and  the proceedings were published in 2001; go figure},
	editor       = {B. Quinn}
}
@phdthesis{Smith2003,
	title        = {},
	author       = {S. M. Smith},
	year         = 2003,
	month        = {},
	address      = {},
	note         = {},
	school       = {Massachusetts Institute of  Technology},
	type         = {{Ph.D.} thesis}
}
@article{Smith2005,
	title        = {},
	author       = {J. S. Smith and G. W. Johnson},
	year         = 2005,
	journal      = {Philos. Trans. R. Soc. London, Ser. B},
	volume       = 777,
	pages        = 1395
}
@proceedings{Smith2007,
	title        = {AIP Conf. Proc.},
	year         = 2007,
	month        = {},
	publisher    = {},
	address      = {},
	series       = {},
	volume       = 841,
	number       = 21,
	note         = {},
	editor       = {J. Smith},
	organization = {}
}
@article{Smith2007a,
	title        = {},
	author       = {J. Smith},
	year         = 2007,
	journal      = {Proc. SPIE},
	volume       = 124,
	pages        = 367,
	note         = {Required title is missing}
}
@unpublished{Smith2010,
	title        = {Surface chemistry and preferential crystal orientation on a silicon surface},
	author       = {W. J. Smith and T. J. Johnson and B. G. Miller},
	year         = 2010,
	month        = {},
	note         = {{J. Appl. Phys.} (unpublished)}
}
@unpublished{Smith2010a,
	title        = {Surface chemistry and preferential crystal orientation on a silicon surface},
	author       = {V. K. Smith and K. Johnson and M. O. Klein},
	year         = 2010,
	month        = {},
	note         = {{J. Appl. Phys.} (submitted)}
}
@inbook{Smith80,
	title        = {Molecular Dynamics},
	author       = {J. M. Smith},
	year         = 1980,
	publisher    = {Academic},
	address      = {New York},
	editor       = {C. Brown}
}
@incollection{Smith80a,
	author       = {J. M. Smith},
	year         = 1980,
	booktitle    = {Molecular Dynamics},
	publisher    = {Academic},
	address      = {New York},
	editor       = {C. Brown}
}
@article{SmithDA01,
	title        = {Hummingbirds are our friends},
	author       = {R. Smith},
	year         = 2001,
	month        = {},
	journal      = {J. Appl. Phys. (these proceedings)},
	volume       = {},
	number       = {},
	pages        = {},
	note         = {Abstract No. DA-01}
}
@techreport{techreport-full,
	title        = {An {$O(n \log n / \! \log\log n)$} Sorting Algorithm},
	author       = {Tom T{\'{e}}rrific},
	year         = 1988,
	month        = oct,
	address      = {Computer Science Department, Fanstord, California},
	number       = 7,
	note         = {A full TECHREPORT entry},
	institution  = {Fanstord University},
	type         = {Wishful Research Result}
}
@article{Thrane_correlations_SGWB,
	title        = {Correlated magnetic noise in global networks of gravitational-wave detectors: Observations and implications},
	author       = {Thrane, E. and Christensen, N. and Schofield, R. M. S.},
	year         = 2013,
	month        = {Jun},
	journal      = {Phys. Rev. D},
	publisher    = {American Physical Society},
	volume       = 87,
	pages        = 123009,
	doi          = {10.1103/PhysRevD.87.123009},
	url          = {https://link.aps.org/doi/10.1103/PhysRevD.87.123009},
	issue        = 12,
	numpages     = 6
}
@article{Toeplitz_and_Circulant_Matrices_Grey,
	title        = {Toeplitz and Circulant Matrices: A Review},
	author       = {Robert M. Gray},
	year         = 2006,
	journal      = {Foundations and Trends in Communications and Information Theory},
	volume       = 2,
	number       = 3,
	pages        = {155--239},
	doi          = {10.1561/0100000006},
	issn         = {1567-2190},
	url          = {http://dx.doi.org/10.1561/0100000006}
}
@unpublished{unpublished-full,
	title        = {Lower Bounds for Wishful Research Results},
	author       = {Ulrich {\"{U}}nderwood and Ned {\~N}et and Paul {\={P}}ot},
	year         = 1988,
	month        = nov # {, } # dec,
	note         = {Talk at Fanstord University (A full UNPUBLISHED entry)}
}
@article{Veitch_vecchio_Bayesian_PE,
	title        = {Bayesian coherent analysis of in-spiral gravitational wave signals with a detector network},
	author       = {Veitch, J. and Vecchio, A.},
	year         = 2010,
	month        = {Mar},
	journal      = {Phys. Rev. D},
	publisher    = {American Physical Society},
	volume       = 81,
	pages        = {062003},
	doi          = {10.1103/PhysRevD.81.062003},
	url          = {https://link.aps.org/doi/10.1103/PhysRevD.81.062003},
	issue        = 6,
	numpages     = 21
}
@article{Wainwright2008,
	title        = {Graphical Models, Exponential Families, and Variational Inference},
	author       = {Wainwright, M. J. and Jordan, M. I.},
	journal      = {Foundations and Trends in Machine Learning},
	pages        = {1--305},
	vlume        = 1
}
@misc{witten2001,
	author       = {Edward Witten},
	year         = 2001,
	eprint       = {hep-th/0106109}
}
@inproceedings{yao2018,
	title        = {Yes, but Did It Work?: Evaluating Variational Inference},
	author       = {Yao, Yuling and Vehtari, Aki and Simpson, Daniel and Gelman, Andrew},
	year         = 2018,
	month        = {10--15 Jul},
	booktitle    = {Proceedings of the 35th International Conference on Machine Learning},
	publisher    = {PMLR},
	series       = {Proceedings of Machine Learning Research},
	volume       = 80,
	pages        = {5581--5590},
	url          = {https://proceedings.mlr.press/v80/yao18a.html},
	editor       = {Dy, Jennifer and Krause, Andreas},
	pdf          = {http://proceedings.mlr.press/v80/yao18a/yao18a.pdf}
}
@misc{Zalkins2008,
	title        = {},
	author       = {Y. M. Zalkins},
	year         = 2008,
	month        = {},
	note         = {},
	howpublished = {e-print arXiv:cond-mat/040426}
}
@article{ZS71,
	title        = {Exact theory of two-dimensional self-focusing and one-dimensional self-modulation of waves in nonlinear media},
	author       = {V. E. Zakharov and A. B. Shabat},
	year         = 1971,
	journal      = {Zh. Eksp. Teor. Fiz.},
	volume       = 61,
	pages        = {118--134},
	translation  = {Sov. Phys. JETP \textbf{34}, 62 (1972)}
}


@ARTICLE{thrane_talbot_bayesian_primer,
       author = {{Thrane}, Eric and {Talbot}, Colm},
        title = "{An introduction to Bayesian inference in gravitational-wave astronomy: Parameter estimation, model selection, and hierarchical models}",
      journal = {{Publications of the Astronomical Society of Australia}},
     keywords = {methods: statistical, gravitational waves, stars: black holes, stars: neutron, Astrophysics - Instrumentation and Methods for Astrophysics},
         year = 2019,
        month = mar,
       volume = {36},
          eid = {e010},
        pages = {e010},
          doi = {10.1017/pasa.2019.2},
archivePrefix = {arXiv},
       eprint = {1809.02293},
 primaryClass = {astro-ph.IM},
       adsurl = {https://ui.adsabs.harvard.edu/abs/2019PASA...36...10T},
      adsnote = {Provided by the SAO/NASA Astrophysics Data System}
}

@article{JanssensKamiel2023Ffps,
journal = {European physical journal plus},
author = {Janssens, Kamiel and Boileau, Guillaume and Bizouard, Marie-Anne and Christensen, Nelson and Regimbau, Tania and Remortel, Nick van},
address = {Berlin/Heidelberg},
copyright = {The Author(s), under exclusive licence to SocietÃ  Italiana di Fisica and Springer-Verlag GmbH Germany, part of Springer Nature 2023. corrected publication 2023. Springer Nature or its licensor (e.g. a society or other partner) holds exclusive rights to this article under a publishing agreement with the author(s) or other rightsholder(s); author self-archiving of the accepted manuscript version of this article is solely governed by the terms of such publishing agreement and applicable law.},
issn = {2190-5444},
keywords = {Physics},
number = {4},
publisher = {Springer Berlin Heidelberg},
title = {Formalism for power spectral density estimation for non-identical and correlated noise using the null channel in Einstein Telescope},
volume = {138},
year = {2023},
}

@misc{liu2023nonparametrically,
      title={A nonparametrically corrected likelihood for Bayesian spectral analysis of multivariate time series}, 
      author={Yixuan Liu and Claudia Kirch and Jeong Eun Lee and Renate Meyer},
      year={2023},
      eprint={2306.04966},
      archivePrefix={arXiv},
      primaryClass={stat.ME}
}

@article{MeierAlexander2020Bnao,
journal = {Journal of multivariate analysis},
author = {Meier, Alexander and Kirch, Claudia and Meyer, Renate},
address = {SAN DIEGO},
copyright = {2019 Elsevier Inc.},
issn = {0047-259X},
keywords = {Spectral energy distribution ; Physical sciences ; Mathematics},
pages = {104560-},
publisher = {Elsevier Inc},
title = {Bayesian nonparametric analysis of multivariate time series: A matrix Gamma Process approach},
volume = {175},
year = {2020},
}




@article{lisa_thrusters_noise,
  title = "{LISA Pathfinder micronewton cold gas thrusters: In-flight characterization}",
  author = {Armano, M. and Audley, H. and Baird, J. and others},
  collaboration = {LISA Pathfinder Collaboration},
  journal = {Phys. Rev. D},
  volume = {99},
  issue = {12},
  pages = {122003},
  numpages = {10},
  year = {2019},
  month = Jun,
  publisher = {American Physical Society},
  doi = {10.1103/PhysRevD.99.122003},
  url = {https://link.aps.org/doi/10.1103/PhysRevD.99.122003}
}


@article{lisa_temp_noise,
  title = "{Experimental results from the ST7 mission on LISA Pathfinder}",
  author = {Anderson, G. and Anderson, J. and Anderson, M. and others},
  journal = {Phys. Rev. D},
  volume = {98},
  issue = {10},
  pages = {102005},
  numpages = {22},
  year = {2018},
  month = Nov,
  publisher = {American Physical Society},
  doi = {10.1103/PhysRevD.98.102005},
  url = {https://link.aps.org/doi/10.1103/PhysRevD.98.102005}
}

@article{PiironenJuho2017Siar,
journal = {Electronic journal of statistics},
author = {Piironen, Juho and Vehtari, Aki},
address = {CLEVELAND},
copyright = {Copyright 2017 Elsevier B.V., All rights reserved.},
issn = {1935-7524},
keywords = {Physical sciences ; Mathematics},
number = {2},
pages = {5018-5051},
publisher = {Inst Mathematical Statistics},
title = {Sparsity information and regularization in the horseshoe and other shrinkage priors},
volume = {11},
year = {2017},
}

@misc{kingma2022,
      title={Auto-Encoding Variational Bayes}, 
      author={Diederik P Kingma and Max Welling},
      year={2022},
      eprint={1312.6114},
      archivePrefix={arXiv},
      primaryClass={stat.ML}
}


@InProceedings{Xu2019,
  title = 	 {Variance reduction properties of the reparameterization trick},
  author =       {Xu, Ming and Quiroz, Matias and Kohn, Robert and Sisson, Scott A.},
  booktitle = 	 {Proceedings of the Twenty-Second International Conference on Artificial Intelligence and Statistics},
  pages = 	 {2711--2720},
  year = 	 {2019},
  editor = 	 {Chaudhuri, Kamalika and Sugiyama, Masashi},
  volume = 	 {89},
  series = 	 {Proceedings of Machine Learning Research},
  month = 	 {16--18 Apr},
  publisher =    {PMLR}
}

@inproceedings{Domke2019,
 author = {Domke, Justin},
 booktitle = {Advances in Neural Information Processing Systems},
 editor = {H. Wallach and H. Larochelle and A. Beygelzimer and F. d\textquotesingle Alch\'{e}-Buc and E. Fox and R. Garnett},
 pages = {},
 publisher = {Curran Associates, Inc.},
 title = {Provable Gradient Variance Guarantees for Black-Box Variational Inference},
 url = {https://proceedings.neurips.cc/paper_files/paper/2019/file/bd4c9ab730f5513206b999ec0d90d1fb-Paper.pdf},
 volume = {32},
 year = {2019}
}

@article{Hild_2009,
	doi = {10.1088/0264-9381/27/1/015003},
	url = {https://doi.org/10.1088/0264-9381/27/1/015003},
	year = 2009,
	month = {dec},
	publisher = {{IOP} Publishing},
	volume = {27},
	number = {1},
	pages = {015003},
	author = {S Hild and S Chelkowski and A Freise and J Franc and N Morgado and R Flaminio and R DeSalvo},
	title = {A xylophone configuration for a third-generation gravitational wave detector},
	journal = {Classical and Quantum Gravity},
}

@article{Hild:2010id,
    author = "Hild, S. and others",
    title = "{Sensitivity Studies for Third-Generation Gravitational Wave Observatories}",
    eprint = "1012.0908",
    archivePrefix = "arXiv",
    primaryClass = "gr-qc",
    doi = "10.1088/0264-9381/28/9/094013",
    journal = "Class. Quant. Grav.",
    volume = "28",
    pages = "094013",
    year = "2011"
}

@article{Branchesi:2023mws,
    author={Branchesi, Marica and Maggiore, Michele and Alonso, David and Badger, Charles and Banerjee, Biswajit and Beirnaert, Freija and Belgacem, Enis and Bhagwat, Swetha and Boileau, Guillaume and Borhanian, Ssohrab and others},
    title = "{Science with the Einstein Telescope: a comparison of different designs}",
      journal = jcap,
     keywords = {gravitational wave detectors, gravitational waves / experiments, gravitational waves / sources, General Relativity and Quantum Cosmology, Astrophysics - Cosmology and Nongalactic Astrophysics, Astrophysics - High Energy Astrophysical Phenomena},
         year = 2023,
        month = jul,
       volume = {2023},
       number = {7},
          eid = {068},
        pages = {068},
          doi = {10.1088/1475-7516/2023/07/068},
archivePrefix = {arXiv},
       eprint = {2303.15923},
 primaryClass = {gr-qc},
       adsurl = {https://ui.adsabs.harvard.edu/abs/2023JCAP...07..068B},
      adsnote = {Provided by the SAO/NASA Astrophysics Data System}
}

@article{RosenOri2007Aeom,
author = {Rosen, Ori and Stoffer, David S.},
address = {Oxford},
copyright = {Copyright 2007 Biometrika Trust},
issn = {0006-3444},
journal = {Biometrika},
keywords = {Bayesian statistical decision theory ; Estimation theory ; Markov processes ; Mathematical models ; Mathematics ; Monte Carlo method ; Multivariate analysis ; Numerical analysis ; Southern oscillation ; Spectral analysis ; Spectral energy distribution ; Statistics ; Time Factors},
number = {2},
pages = {335-345},
publisher = {Oxford University Press},
title = {Automatic estimation of multivariate spectra via smoothing splines},
volume = {94},
year = {2007},
}

@article{10.1214/17-EJS1337SI,
author = {Juho Piironen and Aki Vehtari},
title = {{Sparsity information and regularization in the horseshoe and other shrinkage priors}},
volume = {11},
journal = {Electronic Journal of Statistics},
number = {2},
publisher = {Institute of Mathematical Statistics and Bernoulli Society},
pages = {5018 -- 5051},
keywords = {Bayesian inference, horseshoe prior, shrinkage priors, Sparse estimation},
year = {2017},
doi = {10.1214/17-EJS1337SI},
URL = {https://doi.org/10.1214/17-EJS1337SI}
}






%%%%%% SOFTWARE


@misc{tensorflow,
  title={{TensorFlow}: Large-Scale Machine Learning on Heterogeneous Systems},
  url={https://www.tensorflow.org/},
  note={Software available from tensorflow.org},
  author={Mart\'{i}n Abadi and Ashish Agarwal and Paul Barham and Eugene Brevdo and Zhifeng Chen and Craig Citro and Greg S. Corrado and Andy Davis and Jeffrey Dean and Matthieu Devin and Sanjay Ghemawat and Ian Goodfellow and Andrew Harp and Geoffrey Irving and Michael Isard and Yangqing Jia and Rafal Jozefowicz and Lukasz Kaiser and Manjunath Kudlur and Josh Levenberg and Dandelion Man\'{e} and Rajat Monga and Sherry Moore and Derek Murray and Chris Olah and Mike Schuster and Jonathon Shlens and Benoit Steiner and Ilya Sutskever and Kunal Talwar and Paul Tucker and Vincent Vanhoucke and Vijay Vasudevan and Fernanda Vi\'{e}gas and Oriol Vinyals and Pete Warden and Martin Wattenberg and Martin Wicke and Yuan Yu and Xiaoqiang Zheng},
  year={2015},
}

@article{numpy,
  title={Array programming with {NumPy}},
  author={Charles R. Harris and K. Jarrod Millman and St{\'{e}}fan J. van der Walt and Ralf Gommers and Pauli Virtanen and David Cournapeau and Eric Wieser and Julian Taylor and Sebastian Berg and Nathaniel J. Smith and Robert Kern and Matti Picus and Stephan Hoyer and Marten H. van Kerkwijk and Matthew Brett and Allan Haldane and Jaime Fern{\'{a}}ndez del R{\'{i}}o and Mark Wiebe and Pearu Peterson and Pierre G{\'{e}}rard-Marchant and Kevin Sheppard and Tyler Reddy and Warren Weckesser and Hameer Abbasi and Christoph Gohlke and Travis E. Oliphant},
  year={2020},
  month=sep,
  journal={Nature},
  volume={585},
  number={7825},
  pages={357--362},
  doi={10.1038/s41586-020-2649-2},
  publisher={Springer Science and Business Media {LLC}},
  url={https://doi.org/10.1038/s41586-020-2649-2}
}


@article{python2020,
  title={Python Programming Language},
  author={van Rossum, Guido and Drake Jr, Fred L},
  journal={Python Software Foundation},
  year={2020},
  url={https://www.python.org/}
}

@article{scipy,
  title={SciPy 1.0: fundamental algorithms for scientific computing in Python},
  author={Virtanen, Pauli and Gommers, Ralf and Oliphant, Travis E and Haberland, Matt and Reddy, Tyler and Cournapeau, David and Burovski, Evgeni and Peterson, Pearu and Weckesser, Warren and Bright, Jonathan and others},
  journal={Nature methods},
  volume={17},
  number={3},
  pages={261--272},
  year={2020},
  publisher={Nature Publishing Group}
}


@article{matplotlib,
  title={Matplotlib: A 2D graphics environment},
  author={Hunter, John D},
  journal={Computing in science \& engineering},
  volume={9},
  number={3},
  pages={90--95},
  year={2007},
  publisher={IEEE Computer Society}
}

@misc{jupyterbook,
  title={Jupyter Book},
  author={{The Executable Book Project}},
  year={2020},
  url={https://jupyterbook.org/}
}

@article{tensorflowProb,
  title={TensorFlow Distributions},
  author={Dillon, Joshua V. and Langmore, Ian and Tran, Dustin and Brevdo, Eugene and Vasudevan, Srinivas and Moore, Dave and Patton, Brian and Alemi, Alex and Hoffman, Matt and Saurous, Rif A.},
  journal={arXiv preprint arXiv:1711.10604},
  year={2017}
}

@software{pandas,
    author       = {The pandas development team},
    title        = {pandas-dev/pandas: Pandas},
    month        = feb,
    year         = 2020,
    publisher    = {Zenodo},
    version      = {latest},
    doi          = {10.5281/zenodo.3509134},
    url          = {https://doi.org/10.5281/zenodo.3509134}
}



@article{yu2021,
  title={Assessment and Adjustment of Approximate Inference Algorithms Using the Law of Total Variance},
  author={Yu, X. and Nott, D. and Tranc, M.-N. and Kleind, N.},
  journal={JOURNAL OF COMPUTATIONAL AND GRAPHICAL STATISTICS},
volume ={30},
number={4},
pages ={977--990},
year={2021}
}

@article{lee2019,
  title={Calibration Procedures for Approximate
{B}ayesian Credible Sets},
  author={Lee, J. and Nicholls, G. K. and Ryderâ¡, R. J.},
  journal={Bayesian Analysis},
volume ={14},
number={4},
pages ={1245--1269},
year={2019}
}